<?xml version="1.0" encoding="UTF-8"?><collection xmlns="http://www.loc.gov/MARC21/slim"><record><leader>00383nam--2200145-i-4500</leader><controlfield tag="001">000027263</controlfield><controlfield tag="002">20161230</controlfield><controlfield tag="005">20161230201036</controlfield><controlfield tag="008">060222s1000------------r-----000-0-eng-d</controlfield><datafield ind1=" " ind2=" " tag="080"><subfield code="a">536.48</subfield></datafield><datafield ind1=" " ind2=" " tag="100"><subfield code="a">Keller, William E</subfield></datafield><datafield ind1=" " ind2=" " tag="245"><subfield code="a">Helium-3 and helium-4</subfield></datafield><datafield ind1=" " ind2=" " tag="260"><subfield code="a">New York, Plenum Press, 1969. Xi+431p</subfield></datafield><datafield ind1=" " ind2=" " tag="490"><subfield code="a">The International Cryogenics Monographs Series</subfield></datafield><datafield ind1=" " ind2=" " tag="852"><subfield code="a">23352</subfield></datafield></record></collection>